@inproceedings{Pereira2019AData,
    title = {{A data visualization approach for intersection analysis using AIS data}},
    year = {2019},
    booktitle = {VISIGRAPP 2019 - Proceedings of the 14th International Joint Conference on Computer Vision, Imaging and Computer Graphics Theory and Applications},
    author = {Pereira, Ricardo Cardoso and Abreu, Pedro Henriques and Polisciuc, Evgheni and Machado, Penousal},
    volume = {3},
    doi = {10.5220/0007312802080215}
}

@inproceedings{Murray2018AOperations,
    title = {{A data-driven approach to vessel trajectory prediction for safe autonomous ship operations}},
    year = {2018},
    booktitle = {2018 13th International Conference on Digital Information Management, ICDIM 2018},
    author = {Murray, Brian and Perera, Lokukaluge Prasad},
    doi = {10.1109/ICDIM.2018.8847003}
}

@article{Murray2020AData,
    title = {{A dual linear autoencoder approach for vessel trajectory prediction using historical AIS data}},
    year = {2020},
    journal = {Ocean Engineering},
    author = {Murray, Brian and Perera, Lokukaluge Prasad},
    volume = {209},
    doi = {10.1016/j.oceaneng.2020.107478},
    issn = {00298018}
}

@article{Tang2019ANetwork,
    title = {{A model for vessel trajectory prediction based on long short-term memory neural network}},
    year = {2019},
    journal = {Journal of Marine Engineering and Technology},
    author = {Tang, Huang and Yin, Yong and Shen, Helong},
    doi = {10.1080/20464177.2019.1665258},
    issn = {20568487}
}

@inproceedings{DIng2020ALSTM,
    title = {{A Novel Approach on Vessel Trajectory Prediction Based on Variational LSTM}},
    year = {2020},
    booktitle = {Proceedings of 2020 IEEE International Conference on Artificial Intelligence and Computer Applications, ICAICA 2020},
    author = {DIng, Mengzhen and Su, Wei and Liu, Yingjie and Zhang, Jiuwen and Li, Jianrui and Wu, Jinzhao},
    doi = {10.1109/ICAICA50127.2020.9182537}
}

@article{Suo2020ANetwork,
    title = {{A ship trajectory prediction framework based on a recurrent neural network}},
    year = {2020},
    journal = {Sensors (Switzerland)},
    author = {Suo, Yongfeng and Chen, Wenke and Claramunt, Christophe and Yang, Shenhua},
    number = {18},
    volume = {20},
    doi = {10.3390/s20185133},
    issn = {14248220}
}

@article{Shen2020ALearning,
    title = {{A study of correlation between fishing activity and AIS data by deep learning}},
    year = {2020},
    journal = {TransNav},
    author = {Shen, K. Y. and Chu, Y. J. and Chang, S. J. and Chang, S. M.},
    number = {3},
    volume = {14},
    doi = {10.12716/1001.14.03.01},
    issn = {20836481}
}

@article{Zhang2020AISApproach,
    title = {{AIS data driven general vessel destination prediction: A random forest based approach}},
    year = {2020},
    journal = {Transportation Research Part C: Emerging Technologies},
    author = {Zhang, Chengkai and Bin, Junchi and Wang, Wells and Peng, Xiang and Wang, Rui and Halldearn, Richard and Liu, Zheng},
    volume = {118},
    pages = {102729},
    doi = {10.1016/j.trc.2020.102729},
    url = {https://www.sciencedirect.com/science/article/pii/S0968090X20306446},
    keywords = {General vessel destination prediction, Automatic Identification System (AIS), Trajectories similarity measurement, Random forest},
    issn = {0968090X}
}

@inproceedings{Wang2021AISAuto-encoder,
    title = {{AIS Ship Trajectory Clustering Based on Convolutional Auto-encoder}},
    year = {2021},
    booktitle = {Advances in Intelligent Systems and Computing},
    author = {Wang, Taizheng and Ye, Chunyang and Zhou, Hui and Ou, Mingwang and Cheng, Bo},
    volume = {1251 AISC},
    doi = {10.1007/978-3-030-55187-2{\_}39},
    issn = {21945365}
}

@inproceedings{Hexeberg2017AIS-basedPrediction,
    title = {{AIS-based vessel trajectory prediction}},
    year = {2017},
    booktitle = {20th International Conference on Information Fusion, Fusion 2017 - Proceedings},
    author = {Hexeberg, Simen and Flaten, Andreas L. and Eriksen, Bjorn Olav H. and Brekke, Edmund F.},
    month = {8},
    publisher = {Institute of Electrical and Electronics Engineers Inc.},
    isbn = {9780996452700},
    doi = {10.23919/ICIF.2017.8009762}
}

@inproceedings{Murray2019AnVessels,
    title = {{An ais-based multiple trajectory prediction approach for collision avoidance in future vessels}},
    year = {2019},
    booktitle = {Proceedings of the International Conference on Offshore Mechanics and Arctic Engineering - OMAE},
    author = {Murray, Brian and Perera, Lokukaluge P.},
    volume = {7B-2019},
    doi = {10.1115/OMAE2019-95963}
}

@incollection{Mao2018AnMining,
    title = {{An Automatic Identification System (AIS) Database for Maritime Trajectory Prediction and Data Mining}},
    year = {2018},
    author = {Mao, Shangbo and Tu, Enmei and Zhang, Guanghao and Rachmawati, Lily and Rajabally, Eshan and Huang, Guang-Bin},
    doi = {10.1007/978-3-319-57421-9{\_}20}
}

@inproceedings{Watawana2018AnalyseDataset,
    title = {{Analyse Near Collision Situations of Ships Using Automatic Identification System Dataset}},
    year = {2018},
    booktitle = {5th International Conference on Soft Computing and Machine Intelligence, ISCMI 2018},
    author = {Watawana, Thisara and Caldera, Amitha},
    doi = {10.1109/ISCMI.2018.8703228}
}

@inproceedings{Cepite-Frisfelde2020AutomaticSea,
    title = {{Automatic Identification System data-potential resource for marine vessels drift studies in the Baltic Sea}},
    year = {2020},
    booktitle = {2020 IEEE 61st Annual International Scientific Conference on Power and Electrical Engineering of Riga Technical University, RTUCON 2020 - Proceedings},
    author = {Cepite-Frisfelde, Daiga and Frisfelds, Vilnis and Timuhins, Andrejs and Sennikovs, Juris},
    doi = {10.1109/RTUCON51174.2020.9316479}
}

@inproceedings{Tafa2019AutomaticPrediction,
    title = {{Automatic Maritime Traffic Synthetic Route: A Framework for Route Prediction}},
    year = {2019},
    booktitle = {Communications in Computer and Information Science},
    author = {Tafa, Lisa Natswi and Su, Xin and Hong, Jiman and Choi, Chang},
    volume = {1080 CCIS},
    doi = {10.1007/978-3-030-30143-9{\_}1},
    issn = {18650937}
}

@article{Wen2020AutomaticMethod,
    title = {{Automatic ship route design between two ports: A data-driven method}},
    year = {2020},
    journal = {Applied Ocean Research},
    author = {Wen, Yuanqiao and Sui, Zhongyi and Zhou, Chunhui and Xiao, Changshi and Chen, Qianqian and Han, Dong and Zhang, Yimeng},
    volume = {96},
    doi = {10.1016/j.apor.2019.102049},
    issn = {01411187}
}

@article{Xiao2020BigTechniques,
    title = {{Big Data Driven Vessel Trajectory and Navigating State Prediction With Adaptive Learning, Motion Modeling and Particle Filtering Techniques}},
    year = {2020},
    journal = {IEEE Transactions on Intelligent Transportation Systems},
    author = {Xiao, Zhe and Fu, Xiuju and Zhang, Liye and Zhang, Wanbing and Liu, Ryan Wen and Liu, Zhao and Goh, Rick Siow Mong},
    doi = {10.1109/TITS.2020.3040268},
    issn = {15580016}
}

@inproceedings{Rong2020CollisionTrajectories,
    title = {{Collision probability assessment based on uncertainty prediction of ship trajectories}},
    year = {2020},
    booktitle = {Developments in the Collision and Grounding of Ships and Offshore Structures - Proceedings of the 8th International Conference on Collision and Grounding of Ships and Offshore Structures, ICCGS 2019},
    author = {Rong, H. and Teixeira, A. P. and Guedes Soares, C.},
    doi = {10.1201/9781003002420-36}
}

@article{Kim2020ConvolutionalData,
    title = {{Convolutional neural network-based gear type identification from automatic identification system trajectory data}},
    year = {2020},
    journal = {Applied Sciences (Switzerland)},
    author = {Kim, Kwang il and Lee, Keon Myung},
    number = {11},
    volume = {10},
    doi = {10.3390/app10114010},
    issn = {20763417}
}

@inproceedings{Uney2019DataModels,
    title = {{Data Driven Vessel Trajectory Forecasting Using Stochastic Generative Models}},
    year = {2019},
    booktitle = {ICASSP, IEEE International Conference on Acoustics, Speech and Signal Processing - Proceedings},
    author = {Uney, Murat and Millefiori, Leonardo M. and Braca, Paolo},
    volume = {2019-May},
    doi = {10.1109/ICASSP.2019.8683444},
    issn = {15206149}
}

@article{Braca2018DetectingProcess,
    title = {{Detecting Anomalous Deviations from Standard Maritime Routes Using the Ornstein-Uhlenbeck Process}},
    year = {2018},
    journal = {IEEE Transactions on Signal Processing},
    author = {Braca, Paolo and d'Afflisio, Enrica and Millefiori, Leonardo Maria and Willett, Peter K.},
    doi = {10.1109/TSP.2018.2875887},
    issn = {1053587X}
}

@article{Tang2020DetectionModel,
    title = {{Detection of Abnormal Vessel Behaviour Based on Probabilistic Directed Graph Model}},
    year = {2020},
    journal = {Journal of Navigation},
    author = {Tang, Huang and Wei, Liqiao and Yin, Yong and Shen, Helong and Qi, Yinghong},
    number = {5},
    volume = {73},
    doi = {10.1017/S0373463320000144},
    issn = {14697785}
}

@inproceedings{Hamada2021DevelopmentPlanning,
    title = {{Development of Basic Planning Support System Using Marine Logistics Big Data and Its Application to Ship Basic Planning}},
    year = {2021},
    booktitle = {Lecture Notes in Civil Engineering},
    author = {Hamada, Kunihiro and Hirata, Noritaka and Ihara, Kai and Muzhoffar, Dimas Angga Fakhri and Arifin, Mohammad Danil},
    volume = {65 LNCE},
    doi = {10.1007/978-981-15-4680-8{\_}21},
    issn = {23662565}
}

@inproceedings{Burger2020DiscretePrediction,
    title = {{Discrete Kalman Filter and Linear Regression Comparison for Vessel Coordinate Prediction}},
    year = {2020},
    booktitle = {Proceedings - IEEE International Conference on Mobile Data Management},
    author = {Burger, Christiaan Neil and Grobler, Trienko Lups and Kleynhans, Waldo},
    volume = {2020-June},
    doi = {10.1109/MDM48529.2020.00062},
    issn = {15516245}
}

@inproceedings{Prochazka2020FeatureTransportation,
    title = {{Feature engineering for supply analysis in ocean transportation}},
    year = {2020},
    booktitle = {IEEE International Conference on Industrial Engineering and Engineering Management},
    author = {Prochazka, V. and Adland, R.},
    volume = {2020-Decem},
    doi = {10.1109/IEEM45057.2020.9309749},
    issn = {2157362X}
}

@inproceedings{Rosca2018GrandRoutes,
    title = {{Grand challenge: Predicting destinations by nearest neighbor search on training vessel routes}},
    year = {2018},
    booktitle = {DEBS 2018 - Proceedings of the 12th ACM International Conference on Distributed and Event-Based Systems},
    author = {Ro{\c{s}}ca, Valentin and Diac, Paul and Onica, Emanuel and Amariei, Ciprian},
    doi = {10.1145/3210284.3220509}
}

@inproceedings{Bachar2018GrandDestination,
    title = {{Grand challenge: Venilia, on-line learning and prediction of vessel destination}},
    year = {2018},
    booktitle = {DEBS 2018 - Proceedings of the 12th ACM International Conference on Distributed and Event-Based Systems},
    author = {Bachar, Moti and Elimelech, Gal and Gat, Itai and Sobol, Gil and Rivetti, Nicolo and Gal, Avigdor},
    doi = {10.1145/3210284.3220505}
}

@inproceedings{Nguyen2018GrandGrid,
    title = {{Grand challenge: Vessel destination and arrival time prediction with sequence-to-sequence models over spatial grid}},
    year = {2018},
    booktitle = {DEBS 2018 - Proceedings of the 12th ACM International Conference on Distributed and Event-Based Systems},
    author = {Nguyen, Duc Duy and Le Van, Chan and Ali, Muhammad Intizar},
    doi = {10.1145/3210284.3220507}
}

@inproceedings{Zheng2020HeterogenousModeling,
    title = {{Heterogenous multi-source fusion for ship trajectory complement and prediction with sequence modeling}},
    year = {2020},
    booktitle = {Proceedings - 2020 IEEE 5th International Conference on Data Science in Cyberspace, DSC 2020},
    author = {Zheng, Changmeng and Peng, Qi and Xu, Xuemiao},
    doi = {10.1109/DSC50466.2020.00011}
}

@inproceedings{Jia2019LatinApproach,
    title = {{Latin American Oil Export Destination Choice: A Machine Learning Approach}},
    year = {2019},
    booktitle = {IEEE International Conference on Industrial Engineering and Engineering Management},
    author = {Jia, Haiying and Adland, Roar and Wang, Yuchen},
    doi = {10.1109/IEEM44572.2019.8978548},
    issn = {2157362X}
}

@inproceedings{Li2019Long-termData,
    title = {{Long-term vessel motion predication by modeling trajectory patterns with AIS data}},
    year = {2019},
    booktitle = {ICTIS 2019 - 5th International Conference on Transportation Information and Safety},
    author = {Li, Wenkai and Zhang, Chunwei and Ma, Jie and Jia, Chengfeng},
    doi = {10.1109/ICTIS.2019.8883596}
}

@article{Dobrkovic2018MaritimeData,
    title = {{Maritime pattern extraction and route reconstruction from incomplete AIS data}},
    year = {2018},
    journal = {International Journal of Data Science and Analytics},
    author = {Dobrkovic, Andrej and Iacob, Maria Eugenia and van Hillegersberg, Jos},
    number = {2-3},
    volume = {5},
    doi = {10.1007/s41060-017-0092-8},
    issn = {23644168}
}

@inproceedings{Dobrkovic2016MaritimeAlgorithm,
    title = {{Maritime pattern extraction from AIS data using a genetic algorithm}},
    year = {2016},
    booktitle = {Proceedings - 3rd IEEE International Conference on Data Science and Advanced Analytics, DSAA 2016},
    author = {Dobrkovic, Andrej and Iacob, Maria Eugenia and Van Hillegersberg, Jos},
    doi = {10.1109/DSAA.2016.73}
}

@inproceedings{Patmanidis2016MaritimeData,
    title = {{Maritime surveillance, vessel route estimation and alerts using AIS data}},
    year = {2016},
    booktitle = {24th Mediterranean Conference on Control and Automation, MED 2016},
    author = {Patmanidis, Spyridon and Voulgaris, Iasonas and Sarri, Elena and Papavassilopoulos, George and Papavasileiou, George},
    doi = {10.1109/MED.2016.7535966}
}

@inproceedings{Jin2020MaritimeNetwork,
    title = {{Maritime Target Trajectory Prediction Model Based on the RNN Network}},
    year = {2020},
    booktitle = {Lecture Notes in Electrical Engineering},
    author = {Jin, Jialong and Zhou, Wei and Jiang, Baichen},
    volume = {572 LNEE},
    doi = {10.1007/978-981-15-0187-6{\_}39},
    issn = {18761119}
}

@article{Lei2020MiningData,
    title = {{Mining maritime traffic conflict trajectories from a massive AIS data}},
    year = {2020},
    journal = {Knowledge and Information Systems},
    author = {Lei, Po Ruey},
    number = {1},
    volume = {62},
    doi = {10.1007/s10115-019-01355-0},
    issn = {02193116}
}

@inproceedings{Chatzikokolakis2018MiningRescue,
    title = {{Mining vessel trajectory data for patterns of search and rescue}},
    year = {2018},
    booktitle = {CEUR Workshop Proceedings},
    author = {Chatzikokolakis, Konstantinos and Zissis, Dimitrios and Spiliopoulos, Giannis and Tserpes, Konstantinos},
    volume = {2083},
    issn = {16130073}
}

@inproceedings{Brandt2017MovingPrediction,
    title = {{Moving object stream processing with short-time prediction}},
    year = {2017},
    booktitle = {Proceedings of the 8th ACM SIGSPATIAL International Workshop on GeoStreaming, IWGS 2017},
    author = {Brandt, Tobias and Grawunder, Marco},
    doi = {10.1145/3148160.3148168}
}

@inproceedings{Ma2020OptimizedTrajectory,
    title = {{Optimized BP neural network algorithm for predicting ship trajectory}},
    year = {2020},
    booktitle = {Proceedings of 2020 IEEE 4th Information Technology, Networking, Electronic and Automation Control Conference, ITNEC 2020},
    author = {Ma, Shexiang and Liu, Shanshan and Meng, Xin},
    doi = {10.1109/ITNEC48623.2020.9085154}
}

@inproceedings{Jung2019OutlierPrediction,
    title = {{Outlier detection for ship trajectory prediction}},
    year = {2019},
    booktitle = {MobiSys 2019 - Proceedings of the 17th Annual International Conference on Mobile Systems, Applications, and Services},
    author = {Jung, Hyungkun and Lee, Kang Woo and Cho, Eun Sun},
    doi = {10.1145/3307334.3328639}
}

@inproceedings{ElMekkaoui2020PredictingData,
    title = {{Predicting ships estimated time of arrival based on ais data}},
    year = {2020},
    booktitle = {ACM International Conference Proceeding Series},
    author = {El Mekkaoui, Sara and Benabbou, Loubna and Berrado, Abdelaziz},
    doi = {10.1145/3419604.3419768}
}

@inproceedings{Liu2020PredictingLearning,
    title = {{Predicting the Trajectories of Vessels Using Machine Learning}},
    year = {2020},
    booktitle = {2020 5th International Conference on Control, Robotics and Cybernetics, CRC 2020},
    author = {Liu, Xinglong and He, Wei and Xie, Jinguang and Chu, Xiumin},
    doi = {10.1109/CRC51253.2020.9253496}
}

@article{Vanneschi2017PredictionApproach,
    title = {{Prediction of ships' position by analysing AIS data: An artificial intelligence approach}},
    year = {2017},
    journal = {International Journal of Web Engineering and Technology},
    author = {Vanneschi, Leonardo and Castelli, Mauro and Re, Alessandro},
    number = {3},
    volume = {12},
    doi = {10.1504/IJWET.2017.088389},
    issn = {17419212}
}

@article{Alizadeh2020PredictionTrajectory,
    title = {{Prediction of vessels locations and maritime traffic using similarity measurement of trajectory}},
    year = {2020},
    journal = {Annals of GIS},
    author = {Alizadeh, Danial and Alesheikh, Ali Asghar and Sharif, Mohammad},
    doi = {10.1080/19475683.2020.1840434},
    issn = {19475691}
}

@inproceedings{Forti2020PredictionNetworks,
    title = {{Prediction oof Vessel Trajectories from AIS Data Via Sequence-To-Sequence Recurrent Neural Networks}},
    year = {2020},
    booktitle = {ICASSP, IEEE International Conference on Acoustics, Speech and Signal Processing - Proceedings},
    author = {Forti, Nicola and Millefiori, Leonardo M. and Braca, Paolo and Willett, Peter},
    volume = {2020-May},
    doi = {10.1109/ICASSP40776.2020.9054421},
    issn = {15206149}
}

@inproceedings{Kim2018PreprocessingArea,
    title = {{Preprocessing ship trajectory data for applying artificial neural network in harbour area}},
    year = {2018},
    booktitle = {Proceedings - 2017 European Conference on Electrical Engineering and Computer Science, EECS 2017},
    author = {Kim, Kwang Il and Lee, Keon Myung},
    doi = {10.1109/EECS.2017.36}
}

@inproceedings{Lian2019ResearchAlgorithm,
    title = {{Research on Ship AIS Trajectory Estimation Based on Particle Filter Algorithm}},
    year = {2019},
    booktitle = {Proceedings - 2019 11th International Conference on Intelligent Human-Machine Systems and Cybernetics, IHMSC 2019},
    author = {Lian, Yujie and Yang, Lujing and Lu, Lingfeng and Sun, Jing Bo and Lu, Yu},
    volume = {1},
    doi = {10.1109/IHMSC.2019.00077}
}

@inproceedings{Virjonen2018ShipMethod,
    title = {{Ship Movement Prediction Using k-NN Method}},
    year = {2018},
    booktitle = {Proceedings - 2018 Baltic Geodetic Congress, BGC-Geomatics 2018},
    author = {Virjonen, Petra and Nevalainen, Paavo and Pahikkala, Tapio and Heikkonen, Jukka},
    doi = {10.1109/BGC-Geomatics.2018.00064}
}

@inproceedings{Li2018ShipMining,
    title = {{Ship traffic flow prediction based on AIS data mining}},
    year = {2018},
    booktitle = {Proceedings - 2018 33rd Youth Academic Annual Conference of Chinese Association of Automation, YAC 2018},
    author = {Li, Jiadong and Li, Xueqi and Yu, Lijuan},
    doi = {10.1109/YAC.2018.8406485}
}

@article{Zhou2019ShipNetwork,
    title = {{Ship Trajectory Prediction Based on BP Neural Network}},
    year = {2019},
    journal = {Journal on Artificial Intelligence},
    author = {Zhou, Hai and Chen, Yaojie and Zhang, Sumin},
    number = {1},
    volume = {1},
    doi = {10.32604/jai.2019.05939},
    issn = {2579-003X}
}

@article{Rong2019ShipModel,
    title = {{Ship trajectory uncertainty prediction based on a Gaussian Process model}},
    year = {2019},
    journal = {Ocean Engineering},
    author = {Rong, H. and Teixeira, A. P. and Guedes Soares, C.},
    volume = {182},
    doi = {10.1016/j.oceaneng.2019.04.024},
    issn = {00298018}
}

@article{You2020ST-Seq2Seq:Prediction,
    title = {{ST-Seq2Seq: A Spatio-Temporal Feature-Optimized Seq2Seq Model for Short-Term Vessel Trajectory Prediction}},
    year = {2020},
    journal = {IEEE Access},
    author = {You, Lan and Xiao, Siyu and Peng, Qingxi and Claramunt, Christophe and Han, Xuewei and Guan, Zhengyi and Zhang, Jiahe},
    volume = {8},
    doi = {10.1109/ACCESS.2020.3041762},
    issn = {21693536}
}

@inproceedings{Burkart2021SupportedTrajectories,
    title = {{Supported Decision-Making by Explainable Predictions of Ship Trajectories}},
    year = {2021},
    booktitle = {Advances in Intelligent Systems and Computing},
    author = {Burkart, Nadia and Huber, Marco F. and Anneken, Mathias},
    volume = {1268 AISC},
    doi = {10.1007/978-3-030-57802-2{\_}5},
    issn = {21945365}
}

@inproceedings{Dalsnes2018ThePrediction,
    title = {{The Neighbor Course Distribution Method with Gaussian Mixture Models for AIS-Based Vessel Trajectory Prediction}},
    year = {2018},
    booktitle = {2018 21st International Conference on Information Fusion, FUSION 2018},
    author = {Dalsnes, Biørnar R. and Hexeberg, Simen and Fl{\aa}ten, Andreas L. and Eriksen, Bjørn Olav H. and Brekke, Edmund F.},
    doi = {10.23919/ICIF.2018.8455607}
}

@article{Borkowski2017TheFusion,
    title = {{The ship movement trajectory prediction algorithm using navigational data fusion}},
    year = {2017},
    journal = {Sensors (Switzerland)},
    author = {Borkowski, Piotr},
    number = {6},
    volume = {17},
    doi = {10.3390/s17061432},
    issn = {14248220}
}

@misc{Chen2020ThePrediction,
    title = {{The unsupervised method of vessel movement trajectory prediction}},
    year = {2020},
    booktitle = {arXiv},
    author = {Chen, Chih Wei and Harrison, Charles and Huang, Hsin Hsiung},
    issn = {23318422}
}

@article{Adland2021TheAssessment,
    title = {{The value of meteorological data in marine risk assessment}},
    year = {2021},
    journal = {Reliability Engineering and System Safety},
    author = {Adland, Roar and Jia, Haiying and Lode, Tønnes and Skontorp, Jørgen},
    volume = {209},
    doi = {10.1016/j.ress.2021.107480},
    issn = {09518320}
}

@incollection{Dobrkovic2015TowardsTimes,
    title = {{Towards an approach for long term AIS-based prediction of vessel arrival times}},
    year = {2015},
    booktitle = {Logistics and Supply Chain Innovation: Bridging the Gap between Theory and Practice},
    author = {Dobrkovic, Alexander and Iacob, Maria Eugenia and Van Hillegersberg, Jos and Mes, Martin R.K. and Glandrup, Maurice},
    doi = {10.1007/978-3-319-22288-2{\_}16}
}

@inproceedings{Karatas2020TrajectoryData,
    title = {{Trajectory Prediction for Maritime Vessels Using AIS Data}},
    year = {2020},
    booktitle = {Proceedings of the 12th International Conference on Management of Digital EcoSystems, MEDES 2020},
    author = {Karata{\c{s}}, Gözde Boztepe and Karagoz, Pinar and Ayran, Orhan},
    doi = {10.1145/3415958.3433079}
}

@inproceedings{Guo2018TrajectoryChain,
    title = {{Trajectory prediction for ocean vessels base on K-order multivariate markov chain}},
    year = {2018},
    booktitle = {Lecture Notes in Computer Science (including subseries Lecture Notes in Artificial Intelligence and Lecture Notes in Bioinformatics)},
    author = {Guo, Shuai and Liu, Chao and Guo, Zhongwen and Feng, Yuan and Hong, Feng and Huang, Haiguang},
    volume = {10874 LNCS},
    doi = {10.1007/978-3-319-94268-1{\_}12},
    issn = {16113349}
}

@inproceedings{Dijt2020TrajectoryShips,
    title = {{Trajectory prediction network for future anticipation of ships}},
    year = {2020},
    booktitle = {ICMR 2020 - Proceedings of the 2020 International Conference on Multimedia Retrieval},
    author = {Dijt, Pim and Mettes, Pascal},
    doi = {10.1145/3372278.3390676}
}

@inproceedings{Murray2020UnsupervisedNavigation,
    title = {{Unsupervised trajectory anomaly detection for situation awareness in maritime navigation}},
    year = {2020},
    booktitle = {Proceedings of the International Conference on Offshore Mechanics and Arctic Engineering - OMAE},
    author = {Murray, Brian and Perera, Lokukaluge P.},
    volume = {6A-2020},
    doi = {10.1115/OMAE2020-18281}
}

@inproceedings{Dobrkovic2015UsingData,
    title = {{Using machine learning for unsupervised maritime waypoint discovery from streaming ais data}},
    year = {2015},
    booktitle = {ACM International Conference Proceeding Series},
    author = {Dobrkovic, Andrej and Iacob, Maria Eugenia and Hillegersberg, Jos Van},
    volume = {21-22-Octo},
    doi = {10.1145/2809563.2809573}
}

@inproceedings{Wang2020VesselGRU,
    title = {{Vessel trajectory prediction based on AIS data and bidirectional GRU}},
    year = {2020},
    booktitle = {Proceedings - 2020 International Conference on Computer Vision, Image and Deep Learning, CVIDL 2020},
    author = {Wang, Chang and Ren, Hongxiang and Li, Haijiang},
    doi = {10.1109/CVIDL51233.2020.00-89}
}

@article{Liu2019VesselACDE-SVR,
    title = {{Vessel trajectory prediction model based on ais sensor data and adaptive chaos differential evolution support vector regression (ACDE-SVR)}},
    year = {2019},
    journal = {Applied Sciences (Switzerland)},
    author = {Liu, Jiao and Shi, Guoyou and Zhu, Kaige},
    number = {15},
    volume = {9},
    doi = {10.3390/app9152983},
    issn = {20763417}
}

@misc{Alizadeh2021VesselData,
    title = {{Vessel Trajectory Prediction Using Historical Automatic Identification System Data}},
    year = {2021},
    booktitle = {Journal of Navigation},
    author = {Alizadeh, Danial and Alesheikh, Ali Asghar and Sharif, Mohammad},
    number = {1},
    volume = {74},
    doi = {10.1017/S0373463320000442},
    issn = {14697785}
}
